@article{varian2014big,
  title={Big data: New tricks for econometrics},
  author={Varian, Hal R},
  journal={Journal of Economic Perspectives},
  volume={28},
  number={2},
  pages={3--28},
  year={2014}
}